<record><leader>00000cas a2200000 a 4500</leader><controlfield tag="001">9487524</controlfield><controlfield tag="008">830506d18171821nyudn ne      0    0eng c</controlfield><datafield ind1=" " ind2=" " tag="010"><subfield code="a">sn 83030347 </subfield></datafield><datafield ind1=" " ind2=" " tag="040"><subfield code="a">NPU</subfield><subfield code="b">eng</subfield><subfield code="c">NPU</subfield><subfield code="d">NPV</subfield><subfield code="d">DLC</subfield><subfield code="d">NPX</subfield><subfield code="d">DLC</subfield><subfield code="d">KNP</subfield><subfield code="d">NYG</subfield><subfield code="d">NYS</subfield><subfield code="d">KNP</subfield><subfield code="d">MGN</subfield><subfield code="d">TGN</subfield><subfield code="d">NYS</subfield><subfield code="d">OCL</subfield><subfield code="d">IUL</subfield><subfield code="d">DLC</subfield><subfield code="d">OCLCG</subfield><subfield code="d">KRTAS</subfield><subfield code="d">OCLCQ</subfield><subfield code="d">DLC</subfield><subfield code="d">OCLCF</subfield><subfield code="d">OCLCO</subfield><subfield code="d">CUS</subfield></datafield><datafield ind1=" " ind2=" " tag="042"><subfield code="a">pcc</subfield></datafield><datafield ind1=" " ind2=" " tag="043"><subfield code="a">n-us-ny</subfield></datafield><datafield ind1="0" ind2="0" tag="050"><subfield code="a">Newspaper</subfield></datafield><datafield ind1="0" ind2=" " tag="130"><subfield code="a">New-York Columbian (New York, N.Y. : 1817 : Daily)</subfield></datafield><datafield ind1="1" ind2="4" tag="245"><subfield code="a">The New-York Columbian.</subfield></datafield><datafield ind1="1" ind2="3" tag="246"><subfield code="a">Columbian</subfield></datafield><datafield ind1=" " ind2=" " tag="260"><subfield code="a">New-York [N.Y.] :</subfield><subfield code="b">B. Irvine,</subfield><subfield code="c">1817-1821.</subfield></datafield><datafield ind1=" " ind2=" " tag="300"><subfield code="a">5 v. :</subfield><subfield code="b">ill. (adv.) ;</subfield><subfield code="c">55 cm.</subfield></datafield><datafield ind1=" " ind2=" " tag="310"><subfield code="a">Daily (except Sunday)</subfield></datafield><datafield ind1="0" ind2=" " tag="362"><subfield code="a">Vol. 8, no. 2216 (Apr. 19, 18l7)-v. 12, no. 3379 (June 30, 1821).</subfield></datafield><datafield ind1=" " ind2=" " tag="500"><subfield code="a">Publisher: Alden Spooner, 1817-1821.</subfield></datafield><datafield ind1=" " ind2=" " tag="530"><subfield code="a">Also issued on microopaque and microfilm from Readex Microprint Corp., and on microfilm from the Library of Congress Photoduplication Service.</subfield></datafield><datafield ind1=" " ind2=" " tag="580"><subfield code="a">Merged with: Patron of industry; to form: New-York evening journal, and patron of industry.</subfield></datafield><datafield ind1=" " ind2="0" tag="651"><subfield code="a">New York (N.Y.)</subfield><subfield code="v">Newspapers.</subfield></datafield><datafield ind1=" " ind2="0" tag="651"><subfield code="a">New York County (N.Y.)</subfield><subfield code="v">Newspapers.</subfield></datafield><datafield ind1=" " ind2="7" tag="651"><subfield code="a">New York (State)</subfield><subfield code="z">New York.</subfield><subfield code="2">fast</subfield><subfield code="0">(OCoLC)fst01204333</subfield></datafield><datafield ind1=" " ind2="7" tag="651"><subfield code="a">New York (State)</subfield><subfield code="z">New York County.</subfield><subfield code="2">fast</subfield><subfield code="0">(OCoLC)fst01234953</subfield></datafield><datafield ind1=" " ind2="7" tag="655"><subfield code="a">Newspapers.</subfield><subfield code="2">fast</subfield><subfield code="0">(OCoLC)fst01423814</subfield></datafield><datafield ind1="1" ind2=" " tag="700"><subfield code="a">Irvine, Baptis.</subfield></datafield><datafield ind1="1" ind2=" " tag="700"><subfield code="a">Spooner, Alden,</subfield><subfield code="d">1783-1848.</subfield></datafield><datafield ind1=" " ind2=" " tag="752"><subfield code="a">United States</subfield><subfield code="b">New York</subfield><subfield code="c">New York</subfield><subfield code="d">New York.</subfield></datafield><datafield ind1="0" ind2=" " tag="775"><subfield code="t">New-York Columbian (New York, N.Y. : 1817 : Semiweekly)</subfield><subfield code="w">(DLC)sn 85026095</subfield></datafield><datafield ind1="0" ind2="0" tag="780"><subfield code="t">Columbian (New York, N.Y. : 1809)</subfield><subfield code="w">(DLC)sn 83030346</subfield></datafield><datafield ind1="1" ind2="7" tag="785"><subfield code="t">Patron of industry</subfield><subfield code="w">(DLC)   06030018</subfield><subfield code="w">(OCoLC)9487380</subfield></datafield><datafield ind1="1" ind2="7" tag="785"><subfield code="t">New-York evening journal, and patron of industry</subfield><subfield code="w">(DLC)sn 83030350</subfield></datafield><datafield ind1="4" ind2="1" tag="856"><subfield code="3">01/03/1821 to 06/30/1821</subfield><subfield code="u">http://infoweb.newsbank.com/?db=EANX&amp;s_browseRef=decades/10C7780F73CA31A8/all.xml</subfield></datafield><datafield ind1=" " ind2=" " tag="938"><subfield code="a">Kirtas Technologies, Inc.</subfield><subfield code="b">KRTS</subfield><subfield code="n">736640</subfield></datafield><datafield ind1="1" ind2=" " tag="029"><subfield code="a">AU@</subfield><subfield code="b">000020124179</subfield></datafield></record>